@article{simpson2001kriging,
  title={Kriging models for global approximation in simulation-based multidisciplinary design optimization},
  author={Simpson, Timothy W and Mauery, Timothy M and Korte, John J and Mistree, Farrokh},
  journal={AIAA journal},
  volume={39},
  number={12},
  pages={2233--2241},
  year={2001}
}
